@article{sundermeyer2018implicit,
	title={Implicit 3d orientation learning for 6d object detection from rgb images},
	author={Sundermeyer, Martin and Marton, Zoltan-Csaba and Durner, Maximilian and Brucker, Manuel and Triebel, Rudolph},
	booktitle={Proceedings of the European Conference on Computer Vision (ECCV)},
	pages={699--715},
	year={2018}
}

@article{calli2015ycb,
  title={The ycb object and model set: Towards common benchmarks for manipulation research},
  author={Calli, Berk and Singh, Arjun and Walsman, Aaron and Srinivasa, Siddhartha and Abbeel, Pieter and Dollar, Aaron M},
  booktitle={2015 international conference on advanced robotics (ICAR)},
  pages={510--517},
  year={2015},
  organization={IEEE}
}


@article{deserno2004generate,
  title={How to generate equidistributed points on the surface of a sphere},
  author={Deserno, Markus},
  journal={If Polymerforshung (Ed.)},
  pages={99},
  year={2004}
}

@misc{Picsum,
	title = {{Lorem Picsum} The Lorem Ipsum for photos},
	howpublished = {\url{https://picsum.photos/}},
	note = {Accessed: 2010-09-30}
}